@misc{neviem,
	author = "Elizabeth Boyle and Thomas M. Connolly and Thomas Hainey",
	Title = "The role of psychology in understanding the impact of computer games",
	howpublished = "\url{https://www.sciencedirect.com/science/article/pii/S1875952110000200}",
}