@misc{neviem,
	author = "Elizabeth Boyle and Thomas M. Connolly and Thomas Hainey",
	Title = "The role of psychology in understanding the impact of computer games",
	howpublished = "\url{https://www.sciencedirect.com/science/article/pii/S1875952110000200}",
}

@misc{decision,
	author = "Daphne Bavelier and colleagues",
	Title = "Video Games Lead to Faster Decisions that are No Less Accurate",
	howpublished ="\url{https://rochester.edu/news/show.php?id=3679}",
}

@misc{sensorimotor,
	author = "Davood G Gozli and Daphne Bavelier and Jay Pratt",
	Title = "The effect of action video game playing on sensorimotor learning: Evidence from a movement tracking task",
	howpublished = "\url{https://pubmed.ncbi.nlm.nih.gov/25318081/}",
}

@misc{graph,
	author = "Broadband Search",
	Title = "Worldwide Number of Gamers, 2015-2022.",
	howpublished = "\url{https://www.broadbandsearch.net/blog/online-gaming-statistics}",
}